@Misc{pop,
  howpublished = {\url{https://www.statista.com/statistics/265759/world-population-by-age-and-region}},
  note = {Accessed \today},
  title = {{Proportion of selected age groups of world population in 2020, by region}},
  author = {{Statista}},
  year = {2021},
  month = {March},
}

@Misc{us-business,
  howpublished = {\url{https://www.eia.gov/electricity/sales_revenue_price/pdf/table5_b.pdf}},
  note = {Accessed \today},
  title = {{2019 Average Monthly Bill- Commercial}},
  author = {{U.S. Energy Information Administration}},
  year = {2019},
}

@Misc{us-residential,
  howpublished = {\url{https://www.eia.gov/energyexplained/use-of-energy/electricity-use-in-homes.php}},
  note = {Accessed \today},
  title = {{Use of energy explained}},
  author = {{U.S. Energy Information Administration}},
  year = {2019},
  month = {May},
}

@Misc{uk-business,
  howpublished = {\url{https://bionic.co.uk/business-energy/guides/average-energy-usage-for-businesses/}},
  note = {Accessed \today},
  title = {{Bionic's guides to business essentials}},
  author = {{Bionic}},
  year = {2021},
}

@Misc{uk-residential,
  howpublished = {\url{https://smarterbusiness.co.uk/blogs/average-gas-electricity-usage-uk}},
  note = {Accessed \today},
  title = {{Average Gas \& Electricity Usage in the UK - 2020}},
  author = {{Smarter Business}},
  year = {2021},
  month = {May},
}

@Misc{residential-mexico,
  howpublished = {\url{https://www.mdpi.com/2076-3417/8/11/2136}},
  note = {Accessed \today},
  title = {{Analysis of the Energy Use in the Mexican Residential Sector by Using Two Approaches Regarding the Behavior of the Occupants}},
  author = {{Department of Architecture, Universidad de las Americas Puebla}},
  year = {2019},
  month = {November},
}

@Misc{residential-china,
  howpublished = {\url{https://www.aceee.org/files/proceedings/2016/data/papers/9_76.pdf}},
  note = {Accessed \today},
  title = {{Electricity Demand in Chinese Households: Findings from China Residential Energy Consumption Survey}},
  author = {{American Council for an Energy-Efficient Economy}},
  year = {2016},
}

@Misc{number-branches-atms,
  howpublished = {\url{https://data.worldbank.org/indicator/FB.ATM.TOTL.P5?end=2019\&start=2019\&view=bar}},
  note = {Accessed \today},
  title = {{Automated teller machines (ATMs) (per 100,000 adults)}},
  author = {{The World Bank}},
  year = {2021},
}

@Misc{rating-atm,
  howpublished = {\url{https://prineta.com/atm-power-usage/}},
  note = {Accessed \today},
  title = {{How Much Electricity Does an ATM Use?}},
  author = {{Prineta}},
  year = {2020},
  month = {June},
}

@Misc{cn-tx,
  howpublished = {\url{https://nilsonreport.com/research_featured_article.php}},
  note = {Accessed \today},
  title = {{Global Cards - 2019}},
  author = {{Nilson Report}},
  year = {2021},
  month = {April},
}

@Misc{visa-oce-occ,
  howpublished = {\url{https://www.networkcomputing.com/networking/inside-visas-data-center}},
  note = {Accessed \today},
  title = {{Inside Visa's Data Center}},
  author = {{Network Computing}},
  year = {2013},
  month = {May},
}

@Misc{visa-london-singapore,
  howpublished = {\url{https://www.datacenterdynamics.com/en/news/visa-to-open-london-singapore-data-centers/}},
  note = {Accessed \today},
  title = {{Inside Visa's Data Center}},
  author = {{Network Computing}},
  year = {2013},
  month = {May},
}

@Misc{dc-w-per-ft2,
  howpublished = {\url{https://www.datacenterknowledge.com/power-and-cooling/new-workloads-cost-pressures-drive-data-center-power-densities}},
  note = {Accessed \today},
  title = {{New Workloads, Cost Pressures Drive Up Data Center Power Densities}},
  author = {{Data Center Knowledge}},
  year = {2018},
  month = {April},
}

@Misc{1u-power,
  howpublished = {\url{https://www.vertatique.com/average-power-use-server}},
  note = {Accessed \today},
  title = {{Average Power Use Per Server}},
  author = {{Vertatique}},
  year = {2019},
}

@Misc{ns-boa,
  howpublished = {\url{https://www.ciodive.com/news/bank-of-america-prioritized-internal-cloud-now-its-evaluating-third-party/565228}},
  note = {Accessed \today},
  title = {{Bank of America prioritized internal cloud. Now it's evaluating third-party providers}},
  author = {{CIO Dive}},
  year = {2019},
}

@Misc{ns-bnp,
  howpublished = {\url{https://group.bnpparibas/en/press-release/bnp-paribas-partners-ibm-transform-infrastructure-flexible-innovation-driven-model}},
  note = {Accessed \today},
  title = {{BNP Paribas Partners IBM Transform Infrastructure Flexible Innovation Driven Model}},
  author = {{BNP Paribas}},
  year = {2019},
}

@Misc{ibm-z13,
  howpublished = {\url{https://www.redbooks.ibm.com/redbooks/pdfs/sg248251.pdf}},
  note = {Accessed \today},
  title = {{IBM z13 Technical Guide}},
  author = {{Redbooks}},
  year = {2016},
  month = {May},
}

@Misc{mf-stats,
  howpublished = {\url{https://www.precisely.com/blog/mainframe/9-mainframe-statistics}},
  note = {Accessed \today},
  title = {{9 Mainframe Statistic That May Surprise You}},
  author = {{Christopher Tozzi}},
  year = {2020},
  month = {June},
}

@Misc{total-assets-world-banks,
  howpublished = {\url{https://www.capitaliq.com}},
  note = {Accessed \today},
  author = {{S\&P Capital IQ}},
  year = {2021},
  month = {April},
}

@Misc{total-assets-us-retailers,
  howpublished = {\url{https://nrf.com/resources/top-retailers/top-100-retailers/top-100-retailers-2020-list}},
  note = {Accessed \today},
  title = {{Top 100 Retailers 2020 List}},
  author = {{National Retail Federation}},
  year = {2021},
}

@Misc{total-assets-world-insurance-co,
  howpublished = {\url{https://www.investopedia.com/articles/active-trading/111314/top-10-insurance-companies-metrics.asp }},
  note = {Accessed \today},
  title = {{Top 10 Insurance Companies By The Metrics}},
  author = {{Investopedia}},
  year = {2021},
  month = {January},
}

@Misc{mf-total,
  howpublished = {\url{https://www.bloomberg.com/news/articles/2010-08-03/big-tech-problem-as-mainframes-outlast-workforcebusinessweek-business-news-stock-market-and-financial-advice}},
  note = {Accessed \today},
  title = {{Big Tech Problem as Mainframes Outlast Workforce}},
  author = {{Bloomberg}},
  year = {2010},
  month = {August},
}

@Misc{btc-cbeci-meth,
  howpublished = {\url{https://cbeci.org/cbeci/methodology}},
  note = {Accessed \today},
  title = {{Cambridge Bitcoin Electricity Consumption Index Methodology}},
  author = {{Cambridge Centre for Alternative Finance}},
  year = {2021},
  month = {April},
}

@Misc{btc-cbeci,
  howpublished = {\url{https://cbeci.org}},
  note = {Accessed \today},
  title = {{Cambridge Bitcoin Electricity Consumption Index}},
  author = {{Cambridge Centre for Alternative Finance}},
  year = {2021},
  month = {April},
}

@Misc{btc-moody-dash,
  howpublished = {\url{https://bitcoin.clarkmoody.com/dashboard}},
  note = {Accessed April 23, 2021},
  title = {{Clark Moody Bitcoin Dashboard}},
  author = {{Clark Moody}},
  year = {2021},
  month = {April},
}

@Misc{intel-4-core,
  howpublished = {\url{https://ark.intel.com/content/www/us/en/ark/products/65719/intel-core-i7-3770-processor-8m-cache-up-to-3-90-ghz.html}},
  note = {Accessed \today},
  title = {{Intel Core i7-3770 Processor}},
  author = {{Intel}},
}

@Misc{ssd-demand,
  howpublished = {\url{https://image-us.samsung.com/SamsungUS/pim/migration/doc/mz-75e1t0b-am_850EVO.pdf}},
  note = {Accessed \today},
  title = {{Samsung SSD 850 EVO}},
  author = {{Samsung}},
  year = {2014}
}

@Misc{rpi-demand,
  howpublished = {\url{https://static.raspberrypi.org/files/product-briefs/USB-C-Product-Brief.pdf}},
  note = {Accessed \today},
  title = {{Raspberry Pi 15.3W USB-C Power Supply}},
  author = {{Raspberry Pi Trading Ltd.}},
  year = {2019},
  month = {June},
}

@Misc{laptop-demand,
  howpublished = {\url{https://energyusecalculator.com/electricity_laptop.htm}},
  note = {Accessed \today},
  title = {{Electricity usage of a Laptop, Notebook or Netbook}},
  author = {{EnergyUseCalculator.com}},
  year = {2021},
}

@Misc{mined-blocks,
  howpublished = {\url{https://www.blockchain.com/charts/pools}},
  note = {Accessed April 24, 2021},
  title = {{Hashrate Distribution}},
  author = {{blockchain.com}},
  year = {2021},
}

@Misc{gold-report,
  howpublished = {\url{https://conferences.pionline.com/uploads/conference_admin/gold-and-climate-change-current-and-future-impacts-2.pdf}},
  note = {Accessed \today},
  title = {{Gold and Climate Change: Current and Future Impacts}},
  author = {{World Gold Council}},
  year = {2021},
}

@Misc{boa-dc-num,
  howpublished={
        \href{https://www.ciodive.com/news/bank-of-america-prioritized-internal-cloud-now-its-evaluating-third-party/565228}
        {\nolinkurl{https://www.ciodive.com/news/bank-of-america-prioritized-internal-cloud-now-its-evaluating}}
        \\
        \href{https://www.ciodive.com/news/bank-of-america-prioritized-internal-cloud-now-its-evaluating-third-party/565228}
        {\nolinkurl{-third-party/565228}}
        },
  note = {Accessed \today},
  title = {{Bank of America prioritized internal cloud. Now it's evaluating third-party providers}},
  author = {{CIO Dive}},
  year = {2019},
  month = {October},
}

@Misc{eia-co2-to-kwh,
  howpublished = {\url{https://www.eia.gov/tools/faqs/faq.php?id=74}},
  note = {Accessed \today},
  title = {{How much carbon dioxide is produced per kilowatthour of U.S. electricity generation?}},
  author = {{U.S. Energy Information Administration}},
  year = {2020},
  month = {December},
}

